@article{2014Falsifications,
  title={Falsifications and scientific progress: Popper as sceptical optimist},
  author={ Veronesi, C. },
  journal={Lettera Matematica},
  volume={1},
  number={4},
  pages={179-184},
  year={2014},
}
@article{2020An,
  title={An Analysis of the Falsification Criterion of Karl Popper: A Critical Review},
  author={ Mitra, S. },
  year={2020},
}
@article{王飞2015波普尔证伪主义科学发展模式的解读,
  title={波普尔证伪主义科学发展模式的解读},
  author={王飞},
  journal={普洱学院学报},
  number={04},
  pages={21-23},
  year={2015},
}
@book{波珀1986科学发现的逻辑,
  title={科学发现的逻辑},
  author={波珀},
  publisher={科学发现的逻辑},
  year={1986},
}
@article{孙明湘2008浅析波普尔的证伪主义——波普尔对,
  title={浅析波普尔的证伪主义——波普尔对"分界问题"与"归纳问题"的解决},
  author={孙明湘 and 陈娜},
  journal={中南大学学报：社会科学版},
  volume={14},
  number={1},
  pages={5},
  year={2008},
}
@article{1974On,
  title={On Popper's definitions of verisimilitude},
  author={ Tichy, P. },
  journal={The British Journal for the Philosophy of Science},
  volume={25},
  number={2},
  year={1974},
}
@article{2009Out,
  title={Out of Error: Further Essays on Critical Rationalism},
  author={ Miller, D. },
  journal={Springer Netherlands},
  year={2009},
}