@article{1,
	title={计算机专业课程思政内涵挖掘-以C++程序设计课程为例},
	author={何春元 and 李林原 and 杜鹏 and 许晓东},
	journal={教育研究},
	volume={4},
	number={2},
	pages={55-56},
	year={2021},
}
@article{2,
	title={疫情背景下线上教学在计算机辅助产品设计中的应用研究},
	author={付盼盼},
	journal={教育研究},
	volume={3},
	number={12},
	pages={112-113},
	year={2021},
}
@inproceedings{3,
	title={The Stanford CoreNLP Natural Language Processing Toolkit},
	author={ Manning, C. D.  and  Surdeanu, M.  and  Bauer, J.  and  Finkel, J.  and  Mcclosky, D. },
	booktitle={Proceedings of 52nd Annual Meeting of the Association for Computational Linguistics: System Demonstrations},
	year={2014},
}
@book{4,
	title={NLP in Customer Service},
	author={ Sri, Mathangi },
	publisher={Practical Natural Language Processing with Python},
	year={2021},
}
@article{5,
	title={BNLP: Natural language processing toolkit for Bengali language},
	author={ Sarker, S. },
	year={2021},
}