@article{dieng2020topic,
	title={Topic modeling in embedding spaces},
	author={Dieng, Adji B and Ruiz, Francisco JR and Blei, David M},
	journal={Transactions of the Association for Computational Linguistics},
	volume={8},
	pages={439--453},
	year={2020},
	publisher={MIT Press}
}
@article{blei2003latent,
	title={Latent dirichlet allocation},
	author={Blei, David M and Ng, Andrew Y and Jordan, Michael I},
	journal={the Journal of machine Learning research},
	volume={3},
	pages={993--1022},
	year={2003},
	publisher={JMLR. org}
}
@article{odaibo2019tutorial,
title={Tutorial: Deriving the standard variational autoencoder (VAE) loss function},
author={Odaibo, Stephen},
journal={arXiv preprint arXiv:1907.08956},
year={2019}
}
@article{kingma2013auto,
	title={Auto-encoding variational bayes},
	author={Kingma, Diederik P and Welling, Max},
	journal={arXiv preprint arXiv:1312.6114},
	year={2013}
}
@article{devlin2018bert,
	title={Bert: Pre-training of deep bidirectional transformers for language understanding},
	author={Devlin, Jacob and Chang, Ming-Wei and Lee, Kenton and Toutanova, Kristina},
	journal={arXiv preprint arXiv:1810.04805},
	year={2018}
}

@article{Davis1995Bose,
	title={Bose-Einstein Condensation in a Gas of Sodium Atoms},
	author={Davis, K. B. and Mewes and M. -O and Andrews, M. R. and Ketterle, W.},
	journal={Physical Review Letters},
	volume={75},
	number={22},
	pages={3969--3973},
	year={1995},
}

@article{Ertekin2014,
	author = {Ertekin, R Cengiz and Hayatdavoodi, Masoud and Kim, Jang Whan},
	doi = {10.1016/j.apor.2014.04.005},
	issn = {01411187},
	journal = {Applied Ocean Research},
	mendeley-groups = {Others},
	month = {aug},
	pages = {125--137},
	publisher = {Elsevier},
	title = {{On some solitary and cnoidal wave diffraction solutions of the Greenâ€“Naghdi equations}},
	url = {https://linkinghub.elsevier.com/retrieve/pii/S014111871400042X},
	volume = {47},
	year = {2014}
}

@inproceedings{vaswani2017attention,
	title={Attention is all you need},
	author={Vaswani, Ashish and Shazeer, Noam and Parmar, Niki and Uszkoreit, Jakob and Jones, Llion and Gomez, Aidan N and Kaiser, {\L}ukasz and Polosukhin, Illia},
	booktitle={Advances in neural information processing systems},
	pages={5998--6008},
	year={2017}
}
@article{mikolov2013efficient,
	title={Efficient estimation of word representations in vector space},
	author={Mikolov, Tomas and Chen, Kai and Corrado, Greg and Dean, Jeffrey},
	journal={arXiv preprint arXiv:1301.3781},
	year={2013}
}
